@article{SpectreAttacksExploiting,  author={Kocher, Paul and Horn, Jann and Fogh, Anders and Genkin, Daniel and Gruss, Daniel and Haas, Werner and Hamburg, Mike and Lipp, Moritz and Mangard, Stefan and Prescher, Thomas and Schwarz, Michael and Yarom, Yuval},  booktitle={2019 IEEE Symposium on Security and Privacy (SP)},   title={Spectre Attacks: Exploiting Speculative Execution},   year={2019},  volume={},  number={},  pages={1-19},  doi={10.1109/SP.2019.00002}}

@article{rapid7_2016, title={Return Oriented Programming (ROP) Exploit Explained}, url={https://www.rapid7.com/resources/rop-exploit-explained/}, journal={Rapid7}, year={2016}, month={Aug}}

@article{EBPF, url={https://ebpf.io/what-is-ebpf}, title={What is eBPF? An Introduction and Deep Dive into the eBPF Technology}}
Unknown author, general information about eBPF

@article{mozilla_2021, 
    title={SharedArrayBuffer - JavaScript: MDN}, 
    url={https://developer.mozilla.org/en-US/docs/Web/JavaScript/Reference/Global_Objects/SharedArrayBuffer}, 
    journal={JavaScript | MDN}, 
    publisher={Mozilla}, 
    author={Mozilla}, 
    year={2021}, 
    month={May}
}

@inproceedings {MeltdownAnalysis,
author = {Moritz Lipp and Michael Schwarz and Daniel Gruss and Thomas Prescher and Werner Haas and Anders Fogh and Jann Horn and Stefan Mangard and Paul Kocher and Daniel Genkin and Yuval Yarom and Mike Hamburg},
title = {Meltdown: Reading Kernel Memory from User Space},
booktitle = {27th {USENIX} Security Symposium ({USENIX} Security 18)},
year = {2018},
isbn = {978-1-939133-04-5},
address = {Baltimore, MD},
pages = {973--990},
url = {https://www.usenix.org/conference/usenixsecurity18/presentation/lipp},
publisher = {{USENIX} Association},
month = aug,
}

@review { ijmsit526310,
	journal = {International Journal of Multidisciplinary Studies and Innovative Technologies},
	issn = {2602-4888},
	eissn = {2602-4888},
	address = {},
	publisher = {SET Teknoloji},
	year = {2019},
	volume = {3},
	pages = {38 - 43},
	doi = {},
	title = {The Impact of Meltdown and Spectre Attacks},
	key = {cite},
	author = {Efe,  Ahmet and Güngör,  Muhammed Onur}
}
@review {SpectrePerformance,
    journal = {How the Meltdown and Spectre bugs work and what you can do to prevent a performance plummet},
    year = {2018},
    author = {Francis, R.},
    publisher = {Ellexus}
}
@review{corbet_2017, 
    title={KAISER: hiding the kernel from user space}, 
    url={https://lwn.net/Articles/738975/}, 
    journal={[LWN.net]}, 
    publisher={LWN}, 
    author={Corbet, Jonathan}, 
    year={2017}, 
    month={Nov}
}

@article{gillis_2019, title={What is a Just-In-Time (JIT) Compiler and How Does it Work?}, url={https://www.theserverside.com/definition/just-in-time-compiler-JIT}, journal={TheServerSide.com}, publisher={TheServerSide.com}, author={Gillis, Alexander S.}, year={2019}, month={Dec}}

@article{tim_1970, url={https://googleprojectzero.blogspot.com/2020/06/a-survey-of-recent-ios-kernel-exploits.html}, journal={A survey of recent iOS kernel exploits}, author={Tim}, year={1970}, month={Jan}}
